@article{balke2022productivity,
Author = {Balke, Neele and Lamadon, Thibaut},
Title = {Productivity Shocks, Long-Term Contracts, and Earnings Dynamics},
Journal = {American Economic Review},
Volume = {112},
Number = {7},
Year = {2022},
Month = {July},
Pages = {2139-77},
DOI = {10.1257/aer.20161622},
URL = {https://www.aeaweb.org/articles?id=10.1257/aer.20161622}}